<record><leader>00000cas a22000007a 4500</leader><controlfield tag="001">26846419</controlfield><controlfield tag="008">921023d193u1988ncuwr ne      0    0eng d</controlfield><datafield ind1=" " ind2=" " tag="010"><subfield code="a">sn 92073203 </subfield></datafield><datafield ind1=" " ind2=" " tag="040"><subfield code="a">NVJ</subfield><subfield code="b">eng</subfield><subfield code="c">NVJ</subfield><subfield code="d">OCLCQ</subfield></datafield><datafield ind1=" " ind2=" " tag="042"><subfield code="a">msc</subfield></datafield><datafield ind1="0" ind2="4" tag="245"><subfield code="a">The Skyland post.</subfield></datafield><datafield ind1=" " ind2=" " tag="260"><subfield code="a">West Jefferson, N.C. :</subfield><subfield code="b">Nancy Ruth Reeves</subfield></datafield><datafield ind1=" " ind2=" " tag="300"><subfield code="a">v.</subfield></datafield><datafield ind1=" " ind2=" " tag="310"><subfield code="a">Weekly</subfield></datafield><datafield ind1="0" ind2=" " tag="362"><subfield code="a">-v. 59, no. 41 (Oct. 12, 1988).</subfield></datafield><datafield ind1=" " ind2=" " tag="588"><subfield code="a">Description based on: Vol. 5, no. 1 (Jan. 3, 1935).</subfield></datafield><datafield ind1=" " ind2=" " tag="752"><subfield code="a">United States</subfield><subfield code="b">North Carolina</subfield><subfield code="c">Ashe</subfield><subfield code="d">West Jefferson.</subfield></datafield><datafield ind1="0" ind2="7" tag="785"><subfield code="t">Jefferson times (West Jefferson, N.C.)</subfield><subfield code="w">(DLC)sn 92073206</subfield></datafield><datafield ind1="0" ind2="7" tag="785"><subfield code="t">Jefferson post</subfield></datafield></record>